% +---------------------------------------------------+
% | REFERÊNCIAS BIBLIOGRÁFICAS                        |
% +---------------------------------------------------+
% | ACENTUAÇÃO NOS NOMES DOS AUTORES                  |
% | Crase: para à deve ser digitado \`a;              |
% | Acento agudo: para á deve ser digitado \'a;       |
% | Til: para ã deve ser digitado \~a;                |
% | Acento circunflexo: para ô deve ser digitado \^o; |
% | Cedilha: para ç deve ser digitado {\c c}.         |
% +---------------------------------------------------+
@Book{gil_2010,
author = {Antonio Carlos Gil},
title = {Como elaborar projetos de pesquisa},
publisher = {Atlas},
year = {2010},
address = {São Paulo},
edition = {5}
}

@Book{oliveira_2011,
author = {Maria Marly de Oliveira},
title = {Como fazer projetos, relatório, monografias, dissertações e teses},
publisher = {Elsevier},
year = {2011},
address = {Rio de Janeiro},
edition = {5}
}

@Book{calcada_2005,
author = {Jos\'E Luiz Sampaio and Caio S\'ergio Cal{\c c}ada},
title = {Universo da Física},
publisher = {Atual},
year = {2005},
volume = {1},
address = {São Paulo},
edition = {2}
}

@Article{teste,
author = {Jiusandro Kuhn},
title = {Titulo do artigo},
journal = {Physical Review},
year = {2017},
volume = {10},
number = {4},
pages = {45}
}
